<?xml version="1.0" encoding="UTF-8"?>
  <record xmlns="http://www.loc.gov/MARC21/slim" type="Authority">
    <leader>00000nz  a2200000nc 4500</leader>
    <controlfield tag="001">118581171</controlfield>
    <controlfield tag="003">DE-101</controlfield>
    <controlfield tag="005">20210426150301.0</controlfield>
    <controlfield tag="008">880701n||azznnaabn           | aaa    |c</controlfield>
    <datafield tag="024" ind1="7" ind2=" ">
      <subfield code="a">118581171</subfield>
      <subfield code="0">http://d-nb.info/gnd/118581171</subfield>
      <subfield code="2">gnd</subfield>
    </datafield>
    <datafield tag="035" ind1=" " ind2=" ">
      <subfield code="a">(DE-101)118581171</subfield>
    </datafield>
    <datafield tag="035" ind1=" " ind2=" ">
      <subfield code="a">(DE-588)118581171</subfield>
    </datafield>
    <datafield tag="035" ind1=" " ind2=" ">
      <subfield code="z">(DE-588a)118581171</subfield>
      <subfield code="9">v:zg</subfield>
    </datafield>
    <datafield tag="035" ind1=" " ind2=" ">
      <subfield code="z">(DE-588c)4038736-7</subfield>
      <subfield code="9">v:zg</subfield>
    </datafield>
    <datafield tag="040" ind1=" " ind2=" ">
      <subfield code="a">DE-101</subfield>
      <subfield code="c">DE-101</subfield>
      <subfield code="9">r:DE-101</subfield>
      <subfield code="b">ger</subfield>
      <subfield code="d">1140</subfield>
      <subfield code="e">rda</subfield>
    </datafield>
    <datafield tag="042" ind1=" " ind2=" ">
      <subfield code="a">gnd1</subfield>
    </datafield>
    <datafield tag="043" ind1=" " ind2=" ">
      <subfield code="c">XA-GB</subfield>
    </datafield>
    <datafield tag="065" ind1=" " ind2=" ">
      <subfield code="a">5.7p</subfield>
      <subfield code="2">sswd</subfield>
    </datafield>
    <datafield tag="075" ind1=" " ind2=" ">
      <subfield code="b">p</subfield>
      <subfield code="2">gndgen</subfield>
    </datafield>
    <datafield tag="075" ind1=" " ind2=" ">
      <subfield code="b">pxl</subfield>
      <subfield code="2">gndspec</subfield>
    </datafield>
    <datafield tag="079" ind1=" " ind2=" ">
      <subfield code="a">g</subfield>
      <subfield code="q">s</subfield>
      <subfield code="q">f</subfield>
      <subfield code="q">n</subfield>
      <subfield code="u">v</subfield>
      <subfield code="u">w</subfield>
      <subfield code="u">z</subfield>
    </datafield>
    <datafield tag="100" ind1="0" ind2=" ">
      <subfield code="a">Merlin</subfield>
      <subfield code="c">Fiktive Gestalt</subfield>
      <subfield code="d">540-612</subfield>
    </datafield>
    <datafield tag="400" ind1="0" ind2=" ">
      <subfield code="a">Merlinus</subfield>
      <subfield code="d">540-612</subfield>
    </datafield>
    <datafield tag="400" ind1="0" ind2=" ">
      <subfield code="a">Merlinus</subfield>
      <subfield code="c">Propheta</subfield>
      <subfield code="d">540-612</subfield>
    </datafield>
    <datafield tag="400" ind1="0" ind2=" ">
      <subfield code="a">Merlin</subfield>
      <subfield code="c">d'Ecosse</subfield>
      <subfield code="d">540-612</subfield>
    </datafield>
    <datafield tag="400" ind1="0" ind2=" ">
      <subfield code="a">Merlin</subfield>
      <subfield code="c">Caledonius</subfield>
      <subfield code="d">540-612</subfield>
    </datafield>
    <datafield tag="400" ind1="0" ind2=" ">
      <subfield code="a">Merlin</subfield>
      <subfield code="c">Prophète</subfield>
      <subfield code="d">540-612</subfield>
    </datafield>
    <datafield tag="400" ind1="0" ind2=" ">
      <subfield code="a">Merlin</subfield>
      <subfield code="c">the Magician</subfield>
      <subfield code="d">540-612</subfield>
    </datafield>
    <datafield tag="400" ind1="0" ind2=" ">
      <subfield code="a">Merlin</subfield>
      <subfield code="c">Ambrosius</subfield>
      <subfield code="d">540-612</subfield>
    </datafield>
    <datafield tag="400" ind1="0" ind2=" ">
      <subfield code="a">Merlino</subfield>
      <subfield code="c">l'Enchanteur</subfield>
      <subfield code="d">540-612</subfield>
    </datafield>
    <datafield tag="400" ind1="0" ind2=" ">
      <subfield code="a">Merlino</subfield>
      <subfield code="c">Zauberer</subfield>
      <subfield code="d">540-612</subfield>
    </datafield>
    <datafield tag="400" ind1="0" ind2=" ">
      <subfield code="a">Merlino</subfield>
      <subfield code="c">el Sabio</subfield>
      <subfield code="d">540-612</subfield>
    </datafield>
    <datafield tag="400" ind1="0" ind2=" ">
      <subfield code="a">Merlinus</subfield>
      <subfield code="c">Caledonius</subfield>
      <subfield code="d">540-612</subfield>
    </datafield>
    <datafield tag="400" ind1="0" ind2=" ">
      <subfield code="a">Pseudo-Merlinus</subfield>
      <subfield code="d">540-612</subfield>
    </datafield>
    <datafield tag="400" ind1="0" ind2=" ">
      <subfield code="a">Myrddin</subfield>
      <subfield code="d">540-612</subfield>
    </datafield>
    <datafield tag="400" ind1="0" ind2=" ">
      <subfield code="a">Merlin</subfield>
      <subfield code="c">Meister</subfield>
      <subfield code="d">540-612</subfield>
    </datafield>
    <datafield tag="400" ind1="0" ind2=" ">
      <subfield code="a">Merlin</subfield>
      <subfield code="d">540-612</subfield>
    </datafield>
    <datafield tag="548" ind1=" " ind2=" ">
      <subfield code="a">540-612</subfield>
      <subfield code="4">datl</subfield>
      <subfield code="4">https://d-nb.info/standards/elementset/gnd#dateOfBirthAndDeath</subfield>
      <subfield code="w">r</subfield>
      <subfield code="i">Lebensdaten</subfield>
    </datafield>
    <datafield tag="550" ind1=" " ind2=" ">
      <subfield code="0">(DE-101)042218616</subfield>
      <subfield code="0">(DE-588)4221861-5</subfield>
      <subfield code="0">https://d-nb.info/gnd/4221861-5</subfield>
      <subfield code="a">Sagengestalt</subfield>
      <subfield code="4">berc</subfield>
      <subfield code="4">https://d-nb.info/standards/elementset/gnd#professionOrOccupation</subfield>
      <subfield code="w">r</subfield>
      <subfield code="i">Charakteristischer Beruf</subfield>
    </datafield>
    <datafield tag="550" ind1=" " ind2=" ">
      <subfield code="0">(DE-101)945141343</subfield>
      <subfield code="0">(DE-588)4382541-2</subfield>
      <subfield code="0">https://d-nb.info/gnd/4382541-2</subfield>
      <subfield code="a">Matière de Bretagne</subfield>
      <subfield code="4">vbal</subfield>
      <subfield code="4">https://d-nb.info/standards/elementset/gnd#relatedTerm</subfield>
      <subfield code="w">r</subfield>
      <subfield code="i">Verwandter Begriff</subfield>
    </datafield>
    <datafield tag="551" ind1=" " ind2=" ">
      <subfield code="0">(DE-101)951058320</subfield>
      <subfield code="0">(DE-588)4465289-6</subfield>
      <subfield code="0">https://d-nb.info/gnd/4465289-6</subfield>
      <subfield code="a">Brocéliande</subfield>
      <subfield code="4">geow</subfield>
      <subfield code="4">https://d-nb.info/standards/elementset/gnd#spatialAreaOfActivity</subfield>
      <subfield code="w">r</subfield>
      <subfield code="i">Wirkungsraum</subfield>
    </datafield>
    <datafield tag="667" ind1=" " ind2=" ">
      <subfield code="a">VD-17</subfield>
    </datafield>
    <datafield tag="667" ind1=" " ind2=" ">
      <subfield code="a">aus LMA/PND übernommen</subfield>
    </datafield>
    <datafield tag="667" ind1=" " ind2=" ">
      <subfield code="a">Prophetia; Vaticinia; histor. Existenz umstritten</subfield>
    </datafield>
    <datafield tag="670" ind1=" " ind2=" ">
      <subfield code="a">Potth. 785; LMA,VI,542</subfield>
    </datafield>
    <datafield tag="670" ind1=" " ind2=" ">
      <subfield code="a">M</subfield>
    </datafield>
    <datafield tag="670" ind1=" " ind2=" ">
      <subfield code="a">B Wissen</subfield>
    </datafield>
    <datafield tag="678" ind1=" " ind2=" ">
      <subfield code="b">Prophetia; Vaticinia; Zauberer und Wahrsager in der Artuslitertur</subfield>
    </datafield>
    <datafield tag="913" ind1=" " ind2=" ">
      <subfield code="S">pnd</subfield>
      <subfield code="i">5</subfield>
      <subfield code="a">Merlinus</subfield>
      <subfield code="0">(DE-588a)118581171</subfield>
    </datafield>
    <datafield tag="913" ind1=" " ind2=" ">
      <subfield code="S">pnd</subfield>
      <subfield code="i">5</subfield>
      <subfield code="a">Merlin</subfield>
      <subfield code="0">(DE-588a)118581171</subfield>
    </datafield>
  </record>
